%bibliografias no formato bibtex
@book{monteiro2012,
title={\textbf{}},
subtitle={\textbf{Google Android:} Crie aplicações para celulares e tablets.},
author={Monteiro, J. B.},
address={São Paulo},
year={2012},
publisher={Casa do Código}
}
@Misc{mendes2011,
title={\textbf{}},
subtitle={\textbf{Um aplicativo para Android visando proporcionar maior interação de uma banda musical e seus seguidores.}},
author = {Mendes, E. V.},
address={Pato Branco},
year = {2011},
publisher={Universidade Tecnológica Federal do Paraná}
}
@Misc{oglio2013,
title={\textbf{}},
subtitle={\textbf{Aplicativo Android para o ambiente UNIVATES Virtual.}},
author = {Oglio, M. D.},
address={Lajeado},
year = {2013},
publisher={Univates}
}
@Misc{caelum,
title={\textbf{}},
url={https://www.caelum.com.br/apostila-vraptor-hibernate/rest/#11-5-mudando-o-verbo-http-dos-seus-metodos},
urlaccessdate = {12 de Fevereiro de 2015},
subtitle={\textbf{Web ágil com VRaptor, Hibernate e Ajax.}},
author = {Caelum},
year = {2015}
}

@Misc{caelum1,
title={\textbf{}},
url={http://www.caelum.com.br/apostila-java-orientacao-objetos/o-que-e-java/#2-2-uma-breve-historia-do-java},
urlaccessdate = {11 de Fevereiro de 2015},
subtitle={\textbf{Java e Orientação a Objetos}},
author = {Caelum},
year = {2015},
}
@Misc{caelum2,
title={\textbf{}},
url={https://www.caelum.com.br/apostila-java-web/o-que-e-java-ee/#3-4-servlet-container},
urlaccessdate = {15 de Fevereiro de 2015},
subtitle={\textbf{Java para Desenvolvimento Web.}},
author = {Caelum},
year = {2015}
}
@Misc{caelum3,
title={\textbf{}},
url={http://www.caelum.com.br/apostila-java-orientacao-objetos/o-que-e-java/#2-3-maquina-virtual},
urlaccessdate = {18 de Setembro de 2015},
subtitle={\textbf{Apostila Java e Orientação a Objetos.}},
author = {Caelum},
year = {2015}
}
@Misc{java,
title={\textbf{}},
url={https://www.java.com/pt_BR/download/faq/whatis_java.xml},
urlaccessdate = {17 de Setembro de 2015},
subtitle={\textbf{O que é a Tecnologia Java e porque preciso dela?}},
author = {Oracle},
year = {2015}
}
@Misc{devMedia2015,
title={\textbf{}},
url={http://www.devmedia.com.br/conheca-o-apache-tomcat/4546},
urlaccessdate = {08 de Março de 2015},
subtitle={\textbf{Conheça o Apache Tomcat.}},
author = {Devmedia},
year = {2015}
}
@Misc{easyJavaMagazine2015,
title={\textbf{}},
url={http://www.devmedia.com.br/a-historia-da-tecnologia-java-easy-java-magazine-1/18446},
urlaccessdate = {20 de Fevereiro de 2015},
subtitle={\textbf{A história da tecnologia Java.}},
author = {Devmedia},
year = {2015}
}

@Misc{romanato2015,
title={\textbf{}},
url={http://www.devmedia.com.br/entenda-como-funciona-a-java-virtual-machine-jvm/27624},
urlaccessdate = {08 de Março de 2015},
subtitle={\textbf{Entenda como funciona a Java Virtual Machine (JVM).}},
author = {Romanato, A.},
year = {2015}
}
@Misc{android1,
title={\textbf{}},
url={https://www.android.com/history/},
urlaccessdate = {25 de Fevereiro de 2015},
subtitle={\textbf{A história do Android.}},
author = {Android},
year = {2015}
}
@Misc{android2,
title={\textbf{}},
url={http://developer.android.com/tools/studio/index.html},
urlaccessdate = {12 de Março de 2015},
subtitle={\textbf{Android Studio Overview.}},
author = {Android},
year = {2015}
}
@Misc{android3,
title={\textbf{}},
url={http://developer.android.com/reference/android/widget/ExpandableListView.html},
urlaccessdate = {24 Agosto de 2015},
subtitle={\textbf{ExpandableListView.}},
author = {Android},
year = {2015}
}
@Misc{android2015,
author = {Android},
title={\textbf{}},
subtitle={\textbf{Creating a Navigation Drawer}},
year = {2015},
url={https://developer.android.com/training/implementing-navigation/nav-drawer.html},
urlaccessdate = {28 de julho de 2015}
}
@Misc{novato2015,
title={\textbf{}},
url={http://www.oficinadanet.com.br/post/13849-o-que-e-android},
urlaccessdate = {28 de Fevereiro de 2015},
subtitle={\textbf{O que é Android?}},
author = {Novato, D.},
year = {2015}
}
@Misc{graveheart2012,
title={\textbf{}},
url={https://tecnoblog.net/74900/comprar-android-ou-iphone/},
urlaccessdate = {25 de Fevereiro de 2015},
subtitle={\textbf{Por que eu comprei um Android em vez de um iPhone.}},
author = {Graveheart, P.},
year = {2012}
}
@Misc{barros2013,
title={\textbf{}},
url={http://www.techtudo.com.br/artigos/noticia/2013/06/qual-e-o-sistema-operacional-de-smartphone-mais-seguro-contra-virus.html},
urlaccessdate = {02 de Março de 2015},
subtitle={\textbf{Qual é o sistema operacional de smartphone mais seguro contra vírus?}},
author = {Barros, T.},
year = {2013}
}
@Misc{montenegro2014,
title={\textbf{}},
url={http://mobilexpert.com.br/apps/outros/materias/10269/android-44-kitkat-ja-e-a-versao-mais-usada-com-302},
urlaccessdate = {03 de Março de 2015},
subtitle={\textbf{Android 4.4 (KitKat) já é a versão mais usada com 30,2\%.}},
author = {Montenegro, P.},
year = {2014}
}
@Misc{gusmao2014,
title={\textbf{}},
url={http://info.abril.com.br/noticias/it-solutions/2014/12/google-lanca-versao-1-0-do-ide-de-codigo-aberto-android-studio.shtml},
urlaccessdate = {03 de Março de 2015},
subtitle={\textbf{Google lança versão 1.0 do IDE de código aberto Android Studio.}},
author = {Gusmão, G.},
year = {2014}
}
@Misc{carvalho2015,
title={\textbf{}},
url={http://imasters.com.br/mobile/android/android-studio-vantagens-e-desvantagens-com-relacao-ao-eclipse/},
urlaccessdate = {03 de Março de 2015},
subtitle={\textbf{Android Studio:} vantagens e desvantagens com relação ao Eclipse.},
author = {Carvalho, S.},
year = {2015}
}
@Misc{duraes2005,
title={\textbf{}},
url={http://imasters.com.br/artigo/3561/web-services/web-services-para-iniciantes/},
urlaccessdate = {10 de Março de 2015},
subtitle={\textbf{Web Services para iniciantes}},
author = {Durães, R.},
year = {2005}
}
@book{saudate2012,
title={\textbf{}},
subtitle={\textbf{REST:} Construa API’s inteligentes de maneira simples.},
author={Saudate, A.},
address={São Paulo},
year={2012},
publisher={Casa do Código}
}

@Misc{rubbo2015,
title={\textbf{}},
url={http://www.devmedia.com.br/construindo-restful-web-services-com-jax-rs-2-0/29468},
urlaccessdate = {03 de Março de 2015},
subtitle={\textbf{Construindo RESTful Web Services com JAX-RS 2.0.}},
author = {Rubbo, F.},
year = {2015}
}
@Misc{godinho2009,
title={\textbf{}},
url={https://msdn.microsoft.com/pt-br/library/dd941696.aspx},
urlaccessdate = {01 de Março de 2015},
subtitle={\textbf{Criando serviços REST com WCF.}},
author = {Godinho, R.},
year = {2009}
}
@Misc{tomcat2015,
title={\textbf{}},
url={http://tomcat.apache.org/heritage.html},
urlaccessdate = {08 de Março de 2015},
subtitle={\textbf{The Tomcat Story.}},
author = {Tomcat, A.},
year = {2015}
}
@Misc{postgresWiki2015,
title={\textbf{}},
url={https://wiki.postgresql.org/wiki/Introdu%C3%A7%C3%A3o_e_Hist%C3%B3rico},
urlaccessdate = {11 de  de 2015},
subtitle={\textbf{O que é PostgreSQL?}},
author = {Postgresql},
year = {2015}
}
@Misc{postgres2015,
title={\textbf{}},
url={http://www.postgresql.org.br/old/sobre},
urlaccessdate = {11 de  de 2015},
subtitle={\textbf{Sobre o PostgreSQL.}},
author = {Postgresql},
year = {2015}
}
@book{milani2008,
title={\textbf{}},
subtitle={\textbf{PostgreSQL.}},
author={Milani, A.},
address={São Paulo},
year={2008},
publisher={Novatec}
}

@Misc{biazus2003,
title={\textbf{}},
url={https://wiki.postgresql.org/wiki/Introdu%C3%A7%C3%A3o_e_Hist%C3%B3rico},
urlaccessdate = {11 de Março de 2015},
subtitle={\textbf{PostgreSQL Wiki.}},
author = {Biazus, D.O.},
year = {2015}
}

@book{markoni2002,
title={\textbf{}},
subtitle={\textbf{Técnicas de pesquisas:} planejamento e execução de pesquisas, amostragens e técnicas de pesquisas, elaboração, análise e interpretação de dados.},
author={Marconi, M. A. and Lakatos, E. M.},
address={São Paulo},
year={2002},
edition={5ª},
publisher={Atlas}
}
@Misc{celestino2013,
title={\textbf{}},
url={http://www.subrotina.com.br/voce-sabe-o-que-e-uma-reuniao-de-kick-off/},
urlaccessdate = {15 de Abril de 2015},
subtitle={\textbf{Você sabe o que é uma reunião de \textit{kick-off}?}},
author = {Celestino, A. L.},
year = {2013}
}
@Misc{gunther2003,
title={\textbf{}},
url={http://www.dcoms.unisc.br/portal/upload/com_arquivo/como_elaborar_um_questionario.pdf},
urlaccessdate = {15 de Abril de 2015},
subtitle={\textbf{Como Elaborar um Questionário.}},
author = {Gunther, H.},
year = {2003}
}
@book{abinader2006web,
title={\textbf{}},
subtitle={\textbf{Web Services em Java}},
author={Abinader, J.A. and Lins, R.D.},
address={Rio de Janeiro},
year={2006},
publisher={Brasport}
}
@Misc{erl2015,
title={\textbf{}},
url={http://www.devmedia.com.br/introducao-as-tecnologias-web-services-soa-soap-wsdl-e-uddi-parte1/2873},
urlaccessdate = {26 de Abril de 2015},
subtitle={\textbf{Introdução às tecnologias Web Services:} SOA, SOAP, WSDL e UDDI.},
author = {Erl, T.},
year = {2015}
}
@PHDTHESIS{fielding2000,
  AUTHOR =       "Roy Thomas Fielding",
  TITLE="\textbf",
  SUBTITLE =        "\textbf{Architectural Styles and the Design of Network-based Software Architectures}",
  SCHOOL =       "University of California",
  YEAR =         "2000",
  type =         "Doutorado",
}
@Misc{krazit2009,
title={\textbf{}},
url={http://www.cnet.com/news/googles-rubin-android-a-revolution/},
urlaccessdate = {20 de Fevereiro de 2015},
subtitle={\textbf{Google's Rubin: } Android 'a revolution'.},
author = {Krazit, T.},
year = {2009}
}
@Misc{k192012,
title={\textbf{}},
subtitle={\textbf{Desenvolvimento mobile com Android}},
author = {K19},
year = {2012}
}
@book{phillips2013,
title={\textbf{}},
subtitle={\textbf{Android Programming:} The Big Nerd Ranch Guide.},
author={Phillips, B and Hardy, B.},
address={Atlânta},
year={2013},
publisher={Big Nerd Ranch}
}
@Misc{hohensee2013,
title={\textbf{}},
subtitle={\textbf{Getting Started with Android Studio.}},
address={Gothenburg},
author = {Hohensee, B.},
year = {2013}
}
@book{deitel2002,
title={\textbf{}},
subtitle={\textbf{Java como Programar} Projeto orientado a objetos com a UML e padrões de projeto.},
author={Deitel, H.M. and Deitel, P.D.},
address={Porto Alegre},
year={2003},
publisher={Pearson Prentice Hall},
edition={4ª}
}
@book{deitel2010,
title={\textbf{}},
subtitle={\textbf{Java como Programar}.},
author={Deitel, H.M. and Deitel, P.J.},
address={São Paulo},
year={2010},
publisher={Pearson Prentice Hall}
}
@book{stones2005beginning,
  title={\textbf{}},
  subtitle={\textbf{Beginning Databases with PostgreSQL:} From Novice to Professional.},
  author={Stones, R. and Matthew, N.},
  address={New York},
  year={2005},
  publisher={Apress}
}

@book{booch2006uml,
  author={Booch, G. and Rumbaugh, J. and Jacobson, I.},
  title={\textbf{}},
  subtitle={\textbf{UML:} guia do usuário},
  address={Rio De Janeiro},
  year={2012},
  publisher={CAMPUS},
  edition={2ª}
}
@book{melodesenvolvendo,
title={\textbf{}},
  subtitle={\textbf{Desenvolvendo Aplicações com UML 2.2:} do conceitual à implementação.},
  author={Melo, A.C.},
  address={Rio De Janeiro},
  year={2010},
  publisher={BRASPORT},
  edition={3ª}
}
@book{guedes2011,
title={\textbf{}},
  subtitle={\textbf{UML 2 :} uma abordagem prática.},
  author={Guedes, Gilleanes T. A.},
  address={São Paulo},
  year={2011},
  publisher={Novatec},
  edition={2ª}
}
@book{2015principios,
title={\textbf{}},
  subtitle={\textbf{Princípios De Análise E Projeto De Sistemas Com Uml}},
  author={Bezerra, Eduardo},
  address={São Paulo},
  year={2015},
  publisher={Elsevier},
  edition={3ª}
}
@book{carvalho2001,
title={\textbf{}},
  subtitle={\textbf{Introdução à Engenharia de Software.}},
  author={Carvalho, A.M.B and Chiossi, T.C.S.},
  address={Campinas},
  year={2001},
  publisher={Editora da Unicamp}
}
@book{sommerville2003,
title={\textbf{}},
  subtitle={\textbf{Engenharia de Software.}},
  author={Sommerville, I.},
  address={São Paulo},
  year={2003},
  publisher={Addison Wesley},
  translator={André mauricio de andrade ribeiro},
  edition={6ª}
}
@book{pressman2011,
title={\textbf{}},
  subtitle={\textbf{Engenharia de software:} uma abordagem profissional},
  author={Pressman, R.S.},
  address={Porto Alegre},
  year={2011},
  publisher={AMGH},
  translator={Arakaki, Ariovaldo  and  Fecchio,Mario Moro},
  edition={7ª}
}
@book{prodanov2013,
author={Prodanov,  C. C. and Freitas, E. C.},
title={\textbf{}},
subtitle={\textbf{ Metodologia do Trabalho.} Métodos e técnicas da pesquisa e do trabalho acadêmico},
edition={2ª},
address={Novo Hamburgo},
publisher={Feevale},
year={2013}
}

@book{leal2014,
author={Leal, N.G.V. },
title={\textbf{}},
subtitle={\textbf{Dominando o Android:} do básico ao avançado},
edition={1ª},
address={São Paulo},
publisher={Novatec},
year={2014}
}
@book{coulouris2013,
author={Coulouris, G. and Dollimore, J. and Kindberg, T. and Blair, G. },
title={\textbf{}},
subtitle={\textbf{Sistemas Distribuídos} Conceitos e Projeto},
edition={5ª},
address={Porto Alegre},
publisher={Bookman Editora},
year={2013}
}
@book{lecheta2010,
author={Lecheta, R. R},
title={\textbf{}},
subtitle={\textbf{Google Android:} Aprenda a criar aplicações para dispositivos móveis com Android SDK.},
edition={2ª},
address={São Paulo},
publisher={Novatec},
year={2010}
}
@book{lacheta2013,
	title={\textbf{}},
	subtitle={\textbf{Google Android:} Aprenda a criar aplicações para dispositivos móveis com o Android SDK.},
	author={Lecheta, R. R.},
	address={São Paulo},
	year={2013},
	edition={3ª}, 
	publisher={Novatec}
}
@book{sampaio2006,
  author={Sampaio, C.},
  title={\textbf{}},
  subtitle={\textbf{SOA e Web Services em Java}},
  edition={1ª},
  address={Rio de Janeiro},
  publisher={Brasport},
  year={2006}
}
@book{saudate2013,
author={Saudate, A.},
title={\textbf{}},
subtitle={\textbf{SOA aplicado:} integrando com web serviçes e além.},
edition={1ª},
address={São Paulo},
publisher={Casa do Código},
year={2013}
}

@book{ferreira1999,
author={Ferreira, A. B. H.},
title={\textbf{}},
subtitle={\textbf{Novo Aurélio Século XXI:} O dicionário da língua portuguesa.},
edition={3ª},
address={Rio de Janeiro},
publisher={Nova Fronteira},
year={1999}
}
%jpa
@book{keith2009pro,
author={Keith, M.  and Schincariol, M.},
title={\textbf{}},
subtitle={\textbf{Pro JPA 2:} \textit{Mastering the Java Persistence API}.},
address={New York},
publisher={Apress},
  year={2009}
}

@Misc{sourceforgeHibernate2015,
title={\textbf{}},
url={http://sourceforge.net/projects/hibernate/},
urlaccessdate = {20 de Setembro de 2015},
subtitle={\textbf{Hibernate}},
author = {Sourceforge},
year = {2015}
}
@Misc{hibernate2015,
title={\textbf{}},
url={http://docs.jboss.org/hibernate/orm/5.0/quickstart/html/},
urlaccessdate = {20 de Setembro de 2015},
subtitle={\textbf{Hibernate Getting Started Guide}},
author = {Jboss},
year = {2015}
}
@Misc{oracle2015,
title={\textbf{}},
url={http://docs.oracle.com/javaee/6/tutorial/doc/giepu.html},
urlaccessdate = {20 de Setembro de 2015},
subtitle={\textbf{\textit{The Java EE 6 Tutorial}:}\textit{Building RESTful Web Services with JAX-RS}},
author = {Oracle},
year = {2015}
}
@Misc{oracle22015,
title={\textbf{}},
url={http://docs.oracle.com/javaee/6/tutorial/doc/giepu.html},
urlaccessdate = {20 de Setembro de 2015},
subtitle={\textbf{\textit{The Java EE 6 Tutorial}:}\textit{Creating a RESTful Root Resource Class}},
author = {Oracle},
year = {2015}
}
@Misc{goncalves2008,
title={\textbf{}},
url={http://metodologiadapesquisa.blogspot.com.br/2008/06/pesquisa-para-que.html},
urlaccessdate = {07 de Outubro de 2015},
subtitle={\textbf{O que é pesquisa? Para que?}},
author = {Gonçalves, J. A. T.},
year = {2008}
}
